{"sender_public_key": {"modulus": 9007241587526859209629960388832204638289816438505327183954184828515580461720725154050786696297881468272094988779353795954638469039523098966947520187075693, "exponent": 511805697159938492591684396934081698605792426384927394535927095774579013123465681317333147490707711146296981212093595031259992511746691482799573779522003}, "time_stamp": "20160818185257", "message": "E\\xfb \\xc9y\\x99\\xc6\\x8c\\xd2\\xfd\\xc8r\\x9c\\x17\\xa5\\x15\\xc6\\xafb\\x96H\\xf7\\x95\\x81gn\\t-\\x9ao\\x85\\x9eJ\\x0b\\xad\\xcfH\\xb15\\xb8\\x15\\x17\\xbb\\xe3\\x8b\\r\\xc2\\xf9I\\x83\\x82\\x115\\xdc\\xf0\\x9a\\x1e\\xebM\\xfao\\xa7M\\xb3U\\x9ccC\\xbe\\xfc>\\x05g\\xc4\\xd2=|5\\x13\\xb2@\\\\\\xaf`#\\xbb\\x9de\\xba\\\\\\x08\\x9a\\xfcB\\x8a\\xc0\\xd5\\x12\\xc8\\x1e\\xcb\\xd31m\\x1aX\\xff4\\xd2\\x1f\\xa7e\\x8b\\xa0\\x88\\x9fU2\\xe0\\x11t\\xe2\\x83\\xfc\\x18.\\x98Z", "type": "rt", "contract_datas": {"function": "add", "args": "30", "contractAddr": "aaaaa"}}
{"sender_public_key": {"modulus": 9007241587526859209629960388832204638289816438505327183954184828515580461720725154050786696297881468272094988779353795954638469039523098966947520187075693, "exponent": 511805697159938492591684396934081698605792426384927394535927095774579013123465681317333147490707711146296981212093595031259992511746691482799573779522003}, "time_stamp": "20160818185339", "message": "\\x1b+\\t;\\xa40\\xec\\x82A\\x03\\xe9\\x14\\x1a\\xb4R\\xd3\\xa8j!.w\\x83\\x00-\\xf7\\x0e\\xc7/\\x05\\x8d\\\\\\xae\\xd3\\xa5\\xf9\\xe8\\xc3#\\x94\\xec\\xa0k\\xda\\x1dF\\xfeWA\\x92\\x02\\x85f\\x90\\xd3\\xf9Q\\xf6\\xf8\\xe3S\\xec\\r-y\\x1f\\xe4\\'\\x02\\xd9&\\xe5\\xd1\\xb5\\xb3A\\x11\\xd1\\xcf0\\xec\\x11\\x90\\x07\\x16T\\xb5W\\x1c>\\xa1\\x7fXR9\\xfc\\xffM\\x88\\xb2\\xcb\\xfc\\xb0%\\x82\\x9c\\x1d\\xa1k\\x7f\\xc1@\\xc512\\x01\\x17\\xf0\\xdb\\x9f\\x1em\\xf8 \\xac*\\xf4\\xfeR", "type": "ct", "contract_datas": {"source": "aaa", "args": "10 20"}}
{"sender_public_key": {"modulus": 9007241587526859209629960388832204638289816438505327183954184828515580461720725154050786696297881468272094988779353795954638469039523098966947520187075693, "exponent": 511805697159938492591684396934081698605792426384927394535927095774579013123465681317333147490707711146296981212093595031259992511746691482799573779522003}, "time_stamp": "20160818185348", "message": "}\\xf4j\\xec\\xbd .\\x0b\\x1e\\x88m\\x18|nUpm\\xf6\\x9e\\xac\\x92c\\xef\\xb6%!\\x8a\\xcb\\xf0r\\x85\\xf4a\\x8f\\xbe\\x11\\xb3\\xa3[\\x05\\xa0\\xf8D\\x81\\xeb\\x8b\\'\\x87\\xab\\x88\\'/\\xbc\\x9al\\xee>S\\x01(m4\\x88T\\xa97\\x9a\\x02Y\\xeca\\xe7\\xd4\\xdf\\x02\\x90#\\x02\\xde\\x85\\xd1\\xfe\\xa1\\xb6\\xfc*{\\x96\\x93vo\\xb7\\x85z\\x195C!z\\xfd\\x04\\xe5\\xb7c\\xd4F\\x19\\xffJ\\x12\\x17oQ\\xf6\\x0e\\xc5\\x14\\xe6\\n\\xe4\\xb2!\\x02\\xd6\\xbc\\x1fl}", "type": "t", "contract_datas": ""}
{"sender_public_key": {"modulus": 9007241587526859209629960388832204638289816438505327183954184828515580461720725154050786696297881468272094988779353795954638469039523098966947520187075693, "exponent": 511805697159938492591684396934081698605792426384927394535927095774579013123465681317333147490707711146296981212093595031259992511746691482799573779522003}, "time_stamp": "20160818185358", "message": "P^1\\xd3\\xe0\\xbd\\xa6\\xda\\xfe!\\xe9\\xb5:1\\x11<d\\x9e\\x86\\xfa\\x8a\\x02\\xbf\\xb0\\xab\\xf8\\xfd\\xe9us6\\xb3\\x8c\\x13I\\x9a\\xd2\\x97\\xa1(\\xe7\\xb8-Y6\\x166\\xc8\\x88\\xa9#\\xde\\x05\\x93\\xed[\\x11\\xebF\\x02_4\\xc8\\xcd9O\\xe7\\xd1\\xfcmrB\\xcc\\xb6\\xd7*\\xd7i\\xc8\\xa3\\xee\\t\\x94\\xcd\\x04\\x88c6\\x17\\xf6\\xf3\\xf5\\x88(\\x97\\xd2\\xb0\\xe6\\xd3\\xdf\\xd9\\xf8*\\x0c\\xafp\\xb0H\\\\b\\xf9\\xed\\xa3mF\\xa5@\\x8aO\\xd96\\x8a\\x03naRK\\x98", "type": "t", "contract_datas": ""}
{"sender_public_key": {"modulus": 9007241587526859209629960388832204638289816438505327183954184828515580461720725154050786696297881468272094988779353795954638469039523098966947520187075693, "exponent": 511805697159938492591684396934081698605792426384927394535927095774579013123465681317333147490707711146296981212093595031259992511746691482799573779522003}, "time_stamp": "20160818185404", "message": "s\\xbc\\tjn\\xd0\\xb0i[\\x88\\xfcV1\\x0e\\xcf`9dA3\\x9cH9\\x15\\xaf\\x13\\xe9\\xb1\\xc7\\xcb\\xa4\\xdaaRA\\xb5$\\x06\\x17\\x9d\\xc1\\xb4\\xc0\\x80\\x0b2\\x9b\\x0c\\x16\\x94~\\xce\\xe42\\xb8\\x00d]\\xf1(\\xb2c\\xf9Y\\xa8\\xa6K+\\xee\\xdf*\\xe4N\\x96\\xf76\\xfe\\x85$\\xb6a>yr\\x7f\\x13\\x93pa\\xb3K\\xef\\xa7=Gm]\\xb2O9\\xf1^\\x81\\xe1\\x7f+\\xf3\\xff\\x04l\\x15!;\\xcd\\x93\\x8e\\x86\\x97\\xa6\\xaa\\x9a\\xf6\\xd6:\\x929\\xcf\\xe9", "type": "t", "contract_datas": ""}
{"sender_public_key": {"modulus": 9007241587526859209629960388832204638289816438505327183954184828515580461720725154050786696297881468272094988779353795954638469039523098966947520187075693, "exponent": 511805697159938492591684396934081698605792426384927394535927095774579013123465681317333147490707711146296981212093595031259992511746691482799573779522003}, "time_stamp": "20160818185815", "message": "o`\\x829\\xdc)\\xb2\\xb3\\x9c\\xe8v\\xbe\\xf5.PB\\xbbp\\xa1U\\x16T\\xc9\\xe4\\x9a\\xf2\\x8d\\x1f\\xed{\\x11\\x91\\x82\\xe0\\xe4B\\x04|\\xc3 \\xa4\\xdd\\xa6+\\xc1g\\x93\\xda\\x98\\xcfM\\xb2\\xdb\\xca\\xe7=\\xe4\\x989\\x88\\xbaW\\x06Go\\xe2\\xb9\\xd3}\\x100/\\x05)`\\xa7\\x83D\\xab\\xbb\\xda\\r\\xb2\\xac\\x08\\xfe3\\xc9\\x88\\xa7\\xea\\xdf\\xa3\\xc3\\x89\\xa7g\\xa7\\x87\\xe3%\\x8c\\xeb\\xfe9\\x93\\xea\\xf9\\x11\\xba\\xf8~\\x00\\xb5A\\xa3\\x8c\\xfd\\xb7\\x06O\\xad\\xf7m\\xdbw\\x98=", "type": "ct", "contract_datas": {"source": "aaa", "args": "30 50"}}
{"sender_public_key": {"modulus": 9007241587526859209629960388832204638289816438505327183954184828515580461720725154050786696297881468272094988779353795954638469039523098966947520187075693, "exponent": 511805697159938492591684396934081698605792426384927394535927095774579013123465681317333147490707711146296981212093595031259992511746691482799573779522003}, "time_stamp": "20160818185840", "message": "8W\\x06%h\\x83\\x06i@\\xa1\\xc0\\x03\\xa4\\xcd\\xbfO\\xe8\\xe9\\xab\\x8c/\\x1b\\x88\\x89\\x8eI\\xb8\\xc5\\xb9\\x88\\xcd\\xa9\\x0e\\xa9\\x0c!=\\xb2\\xe4W\\x15\\xb9&\\xdb\\xf4\\x8d\\xe8m\\x19_\\xef\\xfd\\x9b\\x85ii\\x89D$j\\xc3\\xd9K\\xf5i\\xb8S\\xa2\\x13)\\x86\\x827{\\xe9\\xd0k \\x1aH\\xb7\\xdf\\x9b.\\xfa-R\\xd4\\xcd\\x9aE\\\\\\xac~\\xe8\\xe0g\\xb3\\xb1\\xe4*==\\x1cR\\x0e\\xfa\\xf2H <\\xbd\\xaag\\xb8K\\xbfX\\xf1w\\x90\\xca\\xbc^\\x90]G{", "type": "rt", "contract_datas": {"function": "add", "args": "40", "contractAddr": "aaaaa"}}
{"sender_public_key": {"modulus": 9007241587526859209629960388832204638289816438505327183954184828515580461720725154050786696297881468272094988779353795954638469039523098966947520187075693, "exponent": 511805697159938492591684396934081698605792426384927394535927095774579013123465681317333147490707711146296981212093595031259992511746691482799573779522003}, "time_stamp": "20160818185846", "message": "8W\\x06%h\\x83\\x06i@\\xa1\\xc0\\x03\\xa4\\xcd\\xbfO\\xe8\\xe9\\xab\\x8c/\\x1b\\x88\\x89\\x8eI\\xb8\\xc5\\xb9\\x88\\xcd\\xa9\\x0e\\xa9\\x0c!=\\xb2\\xe4W\\x15\\xb9&\\xdb\\xf4\\x8d\\xe8m\\x19_\\xef\\xfd\\x9b\\x85ii\\x89D$j\\xc3\\xd9K\\xf5\\xa8\\xa6K+\\xee\\xdf*\\xe4N\\x96\\xf76\\xfe\\x85$\\xb6a>yr\\x7f\\x13\\x93pa\\xb3K\\xef\\xa7=Gm]\\xb2O9\\xf1^\\x81\\xe1\\x7f+\\xf3\\xff\\x04l\\x15!;\\xcd\\x93\\x8e\\x86\\x97\\xa6\\xaa\\x9a\\xf6\\xd6:\\x929\\xcf\\xe9", "type": "t", "contract_datas": ""}
{"sender_public_key": {"modulus": 9007241587526859209629960388832204638289816438505327183954184828515580461720725154050786696297881468272094988779353795954638469039523098966947520187075693, "exponent": 511805697159938492591684396934081698605792426384927394535927095774579013123465681317333147490707711146296981212093595031259992511746691482799573779522003}, "time_stamp": "20160818185851", "message": ">$\\x8f\\xa1\\x8f&\\x8a.\\x0ct\\x89\\xa4\\xd3\\xd9r6\\x1a\\xedB=\\xda\\x89q\\xedj\\xa9\\xaa\\x82\\x82\\x14$\\x08+\\x96>\\x89\\x86\\x109\\xd7\\xef\\\\$2\\x0en\\xb1\\xc3g\\xa6\\x9f\\xfc\\x0e\\xd6}D-\\x04i\\xc2\\x96\\x82\\x7fO\\x9a^\\x86\\xf9\\x85\\xc1`A\\xd5P\\x95a\\xea(\\xfe\\xbd\\xd2\\x97t\\x92^\\x0f\\xee\\x10\\xed\\xe0\\x96*\\xd9f\\n;\\x85I\\xc6\\x85_\\xf0\\x98\\x82\\xce\\xf7\\xdd\\xf6g\\xe8\\xe1P9\\x99=v[\\x81\\x8f;\\xb3{\\xd0.\\xb0e\\x1c\\xa0", "type": "t", "contract_datas": ""}
{"sender_public_key": {"modulus": 9007241587526859209629960388832204638289816438505327183954184828515580461720725154050786696297881468272094988779353795954638469039523098966947520187075693, "exponent": 511805697159938492591684396934081698605792426384927394535927095774579013123465681317333147490707711146296981212093595031259992511746691482799573779522003}, "time_stamp": "20160818185919", "message": "\"\\x1b\\x1fa\\xcf\\x9e\\xf2\\xaa\\xb2\\x96O\\x96,\\x95\\x81\\xec\\n\\xa1\\'\\xce\\x9a%\\xea&\\x89\\xfc8\\x8a\\xb6\\xe4\\xbfsI\\x9aE5\\xa1\\xa2G`\\xe2\\x01\\xfdD\\xb9\\x86\\xcd\\xdd\\x9d;\\xb6\\x08\\xe8uX\\xa3\\xd5L\\x02\\xe5\\x8dS\\xe0\\x16\\x95\\xb4x\\xa5\\xe5\\xa9\\xbdf\\xccVjd%\\xa3s\\xf7\\xfc\\xaf\\xb7\\xbf\\x96\\x99T\\x8c\\xee\\xb3\\x9d\\x9a\\x14\\xe1\\x93?Px\\x1a\\x8e\\xdb,I\\xb5\\x08\\x0b\\xb4G\\x8aU\\xd5\\xda\\x0c\\xd9\\xad\\x1fT\\x18\\x7f\\x0cq\\xcd+\\x92(&.\\xfc", "type": "t", "contract_datas": ""}
